2452 3533
1131 429 1322 470 NOTES
1860 439 1933 480 157

515 533 653 574 Ass.
683 545 729 574 12
755 534 863 585 Julii,
882 535 947 584 iii„
968 537 1055 586 328.
1120 535 1267 577 Thom.
1296 536 1531 587 cantiprat„
1555 536 1712 575 Bonum
1744 536 1860 577 Um'v.
1887 537 1934 576 de

513 598 672 648 Apibus
710 599 887 649 (Douay,
921 602 1050 649 1597),
1080 599 1127 647 ii„
1154 599 1276 648 xviii„
1304 613 1342 651 p.
1381 601 1465 646 180,
1493 598 1624 650 places
1651 598 1720 639 the
1748 606 1862 651 story
1892 601 1932 638 in

515 661 732 712 Germany.
789 663 827 702 It
846 662 879 701 is
897 662 983 702 also
999 662 1123 702 found
1148 663 1188 701 in
1217 662 1424 703 Caesarius
1453 662 1714 709 Heisterbae„
1739 662 1829 710 viii„
1848 663 1932 702 xxi.

515 728 542 774 (‘
557 725 805 777 temporibus
840 726 988 766 nostris
1023 727 1063 765 in
1101 727 1303 778 provincia
1340 732 1478 766 nostra
1489 727 1528 773 ').
1599 726 1645 764 In
1683 716 1852 765 Etienne
1886 727 1933 766 de

512 789 696 829 Bourbon
726 790 801 838 (ed.
829 790 967 840 Lecoy
983 790 1035 829 de
1062 789 1100 829 la
1129 790 1320 838 Mache),
1339 803 1403 829 no.
1432 798 1519 839 503,
1541 803 1578 841 p.
1604 800 1695 840 433.
1751 790 1797 828 In
1827 789 1931 829 Rob.

510 854 563 893 de
577 853 740 893 Brunne
752 853 833 892 and
847 853 909 893 W.
924 854 977 893 de
990 853 1267 905 Waddington
1282 867 1292 901 ;
1314 853 1414 893 Rob.
1429 854 1483 893 de
1503 852 1695 892 Brunne’s
1708 852 1935 903 Handlyng

513 916 659 968 Synne,
677 930 713 968 p.
737 926 865 966 121-4.
920 916 961 957 A
976 916 1141 968 slightly
1156 916 1346 957 different
1362 917 1518 957 version
1538 917 1579 956 in
1598 920 1608 937 ‘
1620 916 1700 955 Die
1716 916 1930 967 Predigten

512 981 585 1020 des
614 979 827 1027 Greculusss
854 980 996 1028 Franz,
1014 981 1122 1020 Drei
1134 981 1330 1020 Deutsclze
1346 979 1760 1031 Minoritenpredzgren
1781 992 1816 1030 p.
1848 981 1930 1019 128.

513 1044 553 1084 A
573 1045 724 1084 similar
742 1044 903 1083 miraele
919 1043 954 1083 is
972 1044 1058 1083 said
1077 1050 1122 1084 to
1139 1044 1242 1083 have
1259 1044 1474 1095 happened
1493 1044 1533 1082 in
1552 1044 1622 1083 the
1646 1042 1794 1082 church
1812 1042 1860 1082 of
1872 1042 1929 1083 St.

513 1106 753 1150 Genevieve.
781 1107 914 1147 Paris:
950 1107 1202 1156 Schfinbach,
1239 1108 1363 1148 Ueber
1387 1108 1472 1146 eine
1503 1107 1659 1147 Grazer
1682 1106 1771 1154 Hs„
1799 1120 1834 1157 p.
1864 1108 1927 1155 85.

514 1171 716 1220 (Another
734 1172 766 1210 is
784 1171 935 1212 related
952 1171 1001 1211 of
1015 1171 1073 1212 St.
1095 1172 1291 1212 Bernard:
1320 1172 1414 1211 Pat.
1432 1171 1522 1210 Lat.
1540 1171 1716 1219 clxxxv„
1728 1173 1930 1221 419-420.)

595 1238 702 1286 (213)
736 1236 801 1275 De
830 1234 1190 1286 Aquis—Aachen.
1245 1235 1335 1275 The
1361 1240 1472 1285 story
1492 1234 1527 1274 is
1553 1234 1677 1275 found
1706 1234 1747 1273 in
1774 1233 1931 1273 various

511 1300 607 1339 livae
624 1299 672 1338 of
694 1299 764 1339 the
794 1298 989 1350 Emperor
1015 1299 1158 1351 Henry
1180 1299 1254 1340 II.:
1294 1312 1361 1338 see
1389 1298 1526 1338 Ass,
1549 1309 1596 1348 14
1619 1297 1727 1348 Julii,
1747 1297 1810 1345 iii„
1829 1306 1930 1347 7233

512 1363 623 1403 Mon.
647 1362 777 1403 Germ.
799 1362 945 1413 Script.
966 1362 1031 1411 iv„
1051 1371 1129 1414 792
1146 1376 1156 1412 ;
1185 1363 1280 1414 Leg.
1300 1363 1442 1401 Aurea
1463 1362 1536 1410 (ed.
1557 1361 1757 1410 Graesse)‚
1777 1374 1818 1412 p.
1839 1363 1929 1413 897.
