2452 3533
601 414 691 452 xxii
749 413 936 453 INDEX
965 412 1359 453 RUBRICARUM
1390 411 1464 450 ET
1493 409 1927 451 CAPITULORUM

627 567 715 616 (22)
744 567 808 605 De
826 566 1017 606 diabolo
1006 579 1045 605 m
1064 565 1198 617 effigie
1214 566 1324 605 canis
1551 595 1558 604 .

625 630 714 680 (23)
743 630 807 669 De
826 630 912 669 viro
932 630 1009 669 Dei
1028 629 1087 680 [S.
1108 628 1330 680 Bernardo]
1349 628 1550 668 infirmato

626 692 712 742 (24)
743 693 807 732 De
851 693 897 732 Β.
944 693 1164 733 Edmundo
1200 699 1242 732 et
1285 688 1446 731 diabolo
1482 693 1521 730 in
1561 690 1694 741 effigie
1728 690 1880 730 bestiae

846 756 1045 796 horribilis
1372 786 1380 794 .
1831 784 1858 793 ..

739 820 803 859 De
818 833 936 861 cruce.

621 884 663 933 (2
670 884 710 932 5)
737 883 804 923 De
822 884 984 923 moniali
1004 884 1198 923 lactucam
1215 883 1454 922 comedente

623 948 709 998 (26)
737 948 802 987 De
823 947 973 987 Iudaeo
990 948 1058 999 qui
1078 947 1177 986 vidit
1194 947 1404 986 concilium
1423 946 1677 984 demonum.

622 1012 704 1058 (27)
735 1009 856 1061 Quod
877 1010 1065 1049 Theodas
1085 1021 1224 1061 magus
1250 1010 1357 1048 misit
1382 1010 1576 1049 demones
1603 1009 1653 1048 ad
1684 975 1875 1058 iosaphat

620 1073 707 1123 (28)
738 1074 903 1113 Dictum
923 1072 964 1112 S.
972 1068 1207 1112 Sincleticis

734 1137 797 1176 De
815 1136 1084 1175 misericordia
1105 1136 1341 1176 salvatoris.

618 1199 707 1251 (29)
736 1199 985 1251 Exemplum
1003 1200 1056 1239 de
1076 1200 1120 1238 B.
1140 1199 1274 1249 Carpo

732 1264 795 1302 De
813 1263 1023 1302 nativitate
1040 1263 1087 1303 B.
1102 1263 1144 1302 V.
1163 1262 1337 1302 Mariae.

614 1327 703 1377 (30)
733 1327 989 1366 Hieronimus
1008 1327 1059 1366 de
1076 1327 1288 1366 nativitate
1308 1326 1351 1365 B.
1354 1326 1408 1366 V.
1412 1326 1470 1366 M.
1664 1356 1672 1364 .
1822 1355 1831 1364 .

618 1392 701 1440 (31)
733 1390 979 1441 Philosopho
1006 1390 1209 1429 incredulo
1235 1390 1424 1429 nativitas
1447 1389 1627 1440 Virginis
1653 1395 1695 1428 et
1723 1355 1870 1429 Christi

838 1454 1012 1493 revelata
1039 1460 1100 1493 est

729 1517 793 1555 De
809 1518 1043 1567 conceptione
1059 1518 1107 1557 B.
1121 1518 1164 1557 V.
1180 1511 1354 1557 Martae.

617 1582 697 1629 (32)
731 1580 796 1619 De
813 1580 966 1632 templo
985 1582 1093 1632 pacis

617 1646 696 1693 (33)
730 1644 795 1683 De
812 1643 925 1684 fonte
941 1644 1018 1683 olei

616 1709 696 1756 (34)
730 1707 794 1746 De
814 1707 900 1746 Ara
919 1707 1031 1748 Coeli
1180 1738 1224 1748 ...

726 1770 789 1808 De
795 1770 1090 1820 fesnvztatzbus
1106 1772 1153 1811 B.
1167 1772 1212 1812 V.
1233 1738 1406 1811 Mariae.

614 1814 694 1883 (35)
727 1833 927 1874 Nativitas
946 1835 991 1874 B.
994 1835 1043 1874 V.
1049 1835 1104 1874 M.

612 1898 693 1946 (36)
726 1898 951 1937 Purificatio
970 1898 1017 1940 Β
1021 1899 1074 1940 V.
1081 1898 1138 1940 M

611 1963 691 2010 (37)
725 1961 952 2000 Purificatio
972 1962 1015 2000 B.
1019 1963 1068 2001 V
1074 1962 1133 2002 Μ

610 2026 690 2074 (38)
723 2024 960 2076 Assumptio
979 2025 1024 2065 B.
1027 2026 1077 2065 V.
1082 2026 1139 2066 M.

609 2090 689 2137 (39)
721 2089 786 2128 De
804 2094 986 2139 tempore
1004 2057 1288 2141 assumptionis
1307 2090 1354 2131 Β.
1354 2057 1407 2130 V.
1413 2091 1501 2131 M..

720 2152 784 2190 De
801 2152 1007 2191 miraculzs
1024 2153 1072 2192 B.
1086 2153 1131 2193 V.
1152 2153 1327 2193 Mariae.

607 2217 687 2263 (40)
720 2215 785 2253 De
802 2214 945 2254 clerico
963 2215 1070 2255 levi
1059 2229 1098 2255 m
1118 2215 1216 2255 urbe
1231 2216 1538 2257 carnotensium

607 2280 687 2327 (41)
720 2278 785 2317 De
810 2278 952 2318 clerico
979 2281 1046 2331 qui
1077 2282 1303 2331 composuit
1330 2281 1596 2331 antiphonam
1627 2281 1666 2319 in
1697 2281 1855 2320 laudem

825 2342 1002 2393 Virginis
1348 2375 1374 2384 ..

605 2407 685 2453 (42)
718 2406 783 2444 De
801 2406 958 2445 latrone
975 2413 1198 2447 sustentato
1216 2422 1240 2447 a
1260 2408 1427 2459 Virgine
1489 2439 1516 2448 ..

604 2471 684 2519 (43)
718 2469 783 2508 De
803 2470 980 2509 Henrico
999 2470 1081 2509 filio
1100 2470 1166 2512 W
1187 2472 1240 2511 de
1260 2472 1483 2511 Elcindone

603 2533 683 2581 (44)
715 2531 899 2583 Qualiter
916 2533 1045 2585 Virgo
1063 2537 1249 2586 apparuit
1267 2537 1399 2575 iuveni
1419 2537 1525 2587 apud
1546 2503 1727 2576 Sibillam
1804 2568 1812 2576 .
1841 2567 1848 2576 .

602 2598 681 2645 (45)
714 2595 898 2648 Qualiter
916 2597 1044 2649 Virgo
1061 2600 1191 2638 oravit
1211 2612 1283 2650 pro
1302 2599 1478 2650 quodam
1498 2606 1706 2651 peccatore

537 2685 542 2690 -
600 2661 679 2708 (46)
713 2660 777 2700 De
796 2661 941 2701 misero
960 2663 1027 2713 qui
1046 2663 1174 2702 tenuit
1192 2675 1368 2702 sororem
1389 2676 1502 2703 suam
1523 2664 1732 2703 fornicarie

598 2725 678 2772 (47)
711 2723 776 2763 De
795 2724 1023 2776 Theophilo
1039 2726 1294 2765 vicedomino
1312 2726 1363 2765 de
1383 2727 1531 2766 Adana

544 2823 549 2833 ,
598 2789 678 2836 (48)
711 2789 775 2827 De
793 2788 958 2828 muliere
974 2789 1083 2828 cuius
1101 2789 1202 2828 filius
1220 2802 1433 2840 suspensus
1452 2797 1513 2829 est

598 2853 678 2902 (49)
710 2851 892 2902 Qualiter
911 2852 1012 2892 B.V.
1032 2854 1209 2904 protexit
1226 2854 1389 2894 clericos
1407 2860 1547 2893 contra
1565 2854 1696 2905 fulgur

1936 521 2012 543 PAG.

1870 573 2012 613 .13

1965 638 2014 676 14

1868 763 2012 802 ,14

1961 891 2011 929 ι4

1961 952 2006 992 15

1959 1009 2009 1047 16

1958 1081 2006 1120 17

1937 1208 2004 1262 ⁴17
