2452 3533
592 401 719 441 xxviii
778 397 967 438 INDEX
998 398 1394 439 RUBRICARUM
1425 399 1500 437 ET
1530 398 1964 440 CAPITULORUM

1930 510 2007 533 PAG.

594 556 700 603 (180)
733 553 797 592 De
817 552 980 592 muliere
997 552 1047 591 de
1068 551 1193 591 Ponte
1210 560 1313 602 cfuae
1330 551 1559 591 iuramentis
1576 557 1661 590 erat
1678 557 1836 591 assueta
1935 562 2010 600 104

596 620 701 666 (181)
734 617 799 655 De
816 615 1045 654 iuramentis
1067 615 1228 654 Henrici
1250 614 1305 654 11.
1326 621 1396 654 aut
1416 614 1576 654 Ricardi
1846 645 1871 654 ..
1935 623 2006 664 105

595 683 702 728 (182)
736 678 971 718 Miraculum
991 678 1043 717 de
1061 690 1180 728 capra
1935 687 2006 728 105

595 745 701 794 (183)
735 743 799 782 De
816 743 986 793 periurIO
1006 741 1153 780 iuvenis
1173 741 1349 786 Dublini,
1367 747 1408 780 et
1425 742 1508 780 eius
1528 754 1632 791 pena
1934 737 2009 782 106

595 809 702 856 (184)
734 807 800 846 De
821 806 971 846 Iudaeo
988 811 1029 845 et
1048 805 1229 844 debitore
1247 804 1500 844 fraudulento
1846 836 1871 845 ..
1935 806 2009 845 106

733 870 797 909 De
813 869 1000 908 locutione
1017 868 1125 908 bona.

594 936 700 982 (185)
734 934 797 973 De
816 933 969 972 visione
985 931 1189 971 cuiusdam
1209 932 1313 970 senis
1845 962 1870 971 ..
1934 941 2007 981 107

596 998 702 1046 (186)
736 997 800 1035 De
817 996 970 1035 visione
988 994 1105 1034 simili
1350 1026 1357 1034 .
1386 1026 1393 1034 .
1846 1026 1871 1035 ..
1936 1004 2009 1044 107

597 1063 702 1109 (187)
736 1061 801 1098 De
820 1058 983 1098 moniali
1002 1058 1272 1109 multiloquaci
1847 1090 1873 1099 ..
1937 1069 2009 1108 107

597 1127 703 1174 (188)
736 1125 799 1163 De
813 1123 964 1162 duabus
983 1123 1098 1161 bonis
1117 1123 1307 1161 matronis
1847 1155 1873 1163 ..
1937 1126 2009 1164 108

595 1190 702 1240 (189)
735 1188 920 1238 Lingua'
911 1198 1027 1225 lanua
1044 1192 1180 1237 aperta
1385 1217 1393 1226 .
1508 1217 1553 1226 ...
1668 1218 1677 1227 .
1704 1218 1712 1226 .
1933 1189 2007 1227 108

595 1255 701 1303 (190)
734 1252 799 1290 De
818 1251 999 1290 fratribus
1018 1250 1266 1290 venientibus
1283 1250 1335 1289 ad
1354 1250 1539 1291 abbatem
1561 1251 1783 1290 Antonium
1934 1253 2007 1291 108

735 1315 797 1354 De
814 1315 924 1354 ludis
942 1313 1232 1354 inordinandis.

595 1382 702 1431 (191)
736 1378 800 1417 De
818 1377 1022 1417 sacerdote
1040 1378 1107 1427 qui
1126 1377 1253 1416 luctas
1270 1383 1311 1416 et
1337 1377 1502 1417 choreas
1522 1377 1689 1418 libenter
1716 1378 1876 1418 videbat
1935 1389 2010 1430 109

595 1446 702 1493 (192)
736 1442 800 1480 De
815 1440 1100 1480 consuetudine
1117 1441 1323 1491 quadam
1313 1454 1352 1480 m
1373 1441 1501 1480 Dacia
1935 1452 1950 1480 1
1961 1451 2010 1481 10

595 1509 703 1557 (193)
736 1505 801 1544 De
820 1504 1014 1544 lusoribus
1033 1504 1402 1554 blasphemantibus
1829 1536 1837 1544 .
1933 1515 2004 1544 111

595 1573 701 1622 (194)
734 1569 798 1608 De
832 1568 1038 1608 sacerdote
1073 1569 1140 1618 qui
1172 1568 1407 1607 cantilenam
1444 1580 1518 1618 pro
1554 1569 1789 1608 salutatione
1823 1535 1874 1607 ad

841 1631 1030 1683 populum
1051 1632 1376 1682 pronunciavit..
1846 1663 1871 1671 ..
1935 1643 1949 1671 1
1963 1644 1977 1671 1
1989 1643 2002 1670 1

733 1695 797 1733 De
814 1693 989 1733 luxurza.

595 1762 703 1811 (195)
736 1759 800 1797 De
825 1758 977 1808 virgine
1005 1756 1215 1796 dubitante
1242 1763 1372 1796 utrum
1406 1759 1529 1808 patris
1559 1758 1684 1797 vitam
1712 1759 1876 1809 eligeret

838 1821 1086 1867 imitandam,
1105 1833 1156 1858 an
1177 1822 1314 1859 matris
1935 1832 2007 1861 112

594 1888 730 1935 (195B)
763 1884 978 1935 Quomodo
997 1884 1128 1934 passio
1146 1883 1420 1922 fornicacionis
1438 1884 1611 1935 gignitur
1669 1915 1695 1924 ..
1846 1915 1872 1924 ..
1935 1896 1949 1924 1
1963 1895 2007 1935 13

595 1953 660 2000 (19
666 1953 729 1999 50)
763 1948 881 1999 Quod
901 1947 1035 1987 anima
1059 1947 1251 1986 luxuriosi
1271 1947 1409 1987 similis
1427 1953 1488 1986 est
1506 1948 1625 1987 oculis
1643 1949 1874 1988 animalium
1935 1959 1950 1988 1
1962 1960 2007 2000 13

594 2014 700 2064 (196)
734 2013 799 2051 De
828 2012 953 2050 Pasco
978 2016 1020 2050 et
1045 2011 1247 2061 quomodo
1279 2016 1527 2050 tentamenta
1552 2013 1682 2050 carnis
1711 2011 1876 2051 evicerit
1935 2022 2007 2061 113

594 2079 700 2128 (197)
733 2075 798 2113 De
817 2075 959 2113 misero
976 2073 1044 2124 qui
1062 2074 1233 2124 corrupit
1252 2074 1374 2113 filiam
1393 2086 1507 2113 suam
1526 2074 1767 2126 spiritualem
1935 2086 1949 2114 1
1962 2084 2005 2125 15

594 2142 699 2192 (198)
731 2140 795 2178 De
811 2150 976 2189 corpore
990 2137 1193 2177 Valentini
1208 2137 1261 2178 ab
1273 2137 1438 2177 ecclesia
1455 2150 1526 2188 per
1543 2139 1734 2178 demones
1747 2144 1875 2178 tracto
1933 2150 1949 2178 1
1960 2140 2007 2178 16

594 2206 700 2255 (199)
733 2204 797 2242 De
816 2200 961 2241 misero
978 2201 1045 2252 qui
1064 2213 1240 2240 sororem
1256 2213 1368 2240 suam
1387 2202 1594 2241 fornicarie
1613 2203 1741 2241 tenuit
1935 2205 2008 2242 116

595 2269 702 2315 (200)
736 2266 800 2304 De
818 2266 910 2316 igne
927 2265 994 2315 qui
1015 2263 1245 2304 sodomitas
1265 2263 1417 2315 punivit
1686 2296 1693 2304 .
1934 2277 1949 2305 1
1962 2274 2009 2314 17

594 2333 701 2379 (201)
734 2329 987 2379 Responsum
1009 2327 1232 2379 philosophi
1251 2328 1302 2366 ad
1321 2328 1431 2379 Lays
1451 2330 1701 2368 meretricem
1934 2341 1949 2368 1
1961 2331 2006 2369 18

595 2396 700 2442 (202)
734 2392 913 2431 Invectio
930 2391 1008 2430 alia
1349 2423 1357 2431 .
1933 2402 1947 2430 1
1962 2394 2006 2431 18

595 2460 702 2506 (203)
734 2457 800 2495 De
816 2457 901 2494 viro
918 2468 1007 2494 cum
1028 2456 1186 2506 hospita
1204 2456 1355 2494 iacente
1845 2487 1870 2496 ..
1934 2467 1948 2495 1
1962 2458 2006 2496 18

594 2523 701 2569 (204)
735 2519 799 2558 De
818 2517 979 2558 moniali
998 2530 1100 2569 quae
1116 2517 1299 2558 clericum
1318 2519 1521 2558 adamavit
1845 2550 1870 2559 ..
1934 2531 1948 2559 1
1962 2530 2009 2567 19

597 2586 733 2633 (205Α)
765 2582 832 2621 De
860 2581 1055 2621 monacho
1081 2581 1149 2632 qui
1178 2595 1267 2621 cum
1291 2582 1419 2632 puella
1451 2583 1490 2621 in
1515 2585 1736 2633 pomerium
1766 2583 1875 2623 venit
1932 2593 1946 2621 1
1961 2594 2007 2633 19

596 2649 730 2696 (20513)
763 2645 943 2696 Qualiter
962 2644 1074 2684 miles
1094 2645 1264 2695 puellam
1279 2646 1510 2685 adamatam
1531 2646 1699 2698 peremit
1934 2657 1948 2685 1
1961 2657 2007 2698 19

595 2712 700 2759 (206)
734 2709 936 2759 Exempla
953 2721 1007 2747 ex
1026 2721 1135 2748 sacra
1152 2708 1345 2759 scriptura
1665 2741 1673 2750 .
1843 2741 1868 2749 ..
1929 2720 2006 2750 120

597 2777 702 2823 (207)
734 2774 800 2812 De
818 2778 998 2812 amatore
1016 2773 1082 2823 qui
1103 2777 1293 2822 tanquam
1312 2773 1460 2811 demon
1479 2773 1687 2813 videbatur
1934 2785 2000 2813 121

595 2840 700 2886 (208)
734 2837 798 2876 De
816 2835 934 2874 fratre
956 2835 1128 2874 Iordano
1144 2841 1185 2873 et
1204 2836 1377 2874 demone
1933 2848 2001 2876 121
