2452 3533
606 437 705 476 xxvi
785 437 972 476 INDEX
1003 436 1398 478 RUBRICARUM
1430 434 1504 474 ET
1533 434 1966 476 CAPITULORUM

1942 546 2017 571 PAG.

607 593 713 640 (130)
746 591 810 629 De
829 589 1113 641 patrefamilias
1130 590 1198 641 qui
1216 589 1273 629 xii
1294 601 1489 641 pauperes
1504 588 1676 639 recipere
1695 588 1831 635 voluit,
1850 593 1891 627 et

854 651 1089 690 invenitxiii
1201 681 1209 690 .
1969 651 2020 697 78

608 717 715 764 (131)
748 714 813 753 De
831 714 1073 764 exequiisS.
1094 714 1256 753 Marthe
1968 714 2020 761 78

746 778 809 817 De
826 778 1227 818 excommunchatzone

606 844 713 891 (132)
745 841 811 880 De
856 841 1010 880 duabus
1045 841 1411 881 sanctimonialibus
1447 853 1552 892 quae
1589 841 1767 890 linguam
1806 851 1885 878 non

852 905 1158 943 restrinxerant
1520 934 1565 944 ...
1857 934 1883 942 ..
1968 905 2019 952 78

606 971 713 1018 (133)
745 968 963 1019 Quomodo
1012 979 1112 1007 unus
1162 968 1534 1007 excommunicatus
1585 967 1679 1007 facit
1724 979 1886 1018 peccare

849 1035 1008 1069 centum
1029 1042 1219 1080 personas
1966 1038 2020 1078 79

605 1096 712 1143 (134)
745 1093 809 1132 De
828 1093 874 1133 B.
896 1093 1101 1132 Bernardo
1118 1099 1160 1131 et
1178 1093 1422 1132 abundantia
1441 1104 1663 1132 muscarum
1967 1094 2020 1132 80

604 1159 669 1206 (13
676 1159 743 1206 5A)
775 1156 991 1207 Quomodo
1041 1156 1090 1196 Β.
1142 1156 1365 1195 Bernardus
1407 1156 1771 1196 excommunicavit
1815 1155 1885 1195 de-

851 1231 1047 1259 monem.
1198 1249 1242 1258 ...
1751 1238 1755 1242 >
1967 1219 2019 1257 80

604 1286 739 1333 (13513)
774 1283 1017 1333 Exemplum
1037 1249 1148 1323 deS.
1170 1283 1371 1322 Nannano
1965 1283 2018 1322 80

742 1347 805 1386 De
821 1346 1084 1389 executoribus
1102 1347 1229 1386 malis.

603 1411 709 1461 (136)
741 1411 807 1450 De
825 1410 1108 1450 executoribus
1125 1410 1331 1450 cuiusdam
1350 1411 1513 1450 usurarii
1533 1411 1573 1450 in
1593 1410 1821 1461 Burgundia
1965 1411 2011 1448 81

602 1476 708 1524 (137)
741 1474 805 1513 De
821 1473 976 1513 duobus
996 1472 1185 1513 militibus
1203 1474 1242 1512 in
1262 1474 1441 1513 exercitu
1458 1473 1591 1513 Caroli
1613 1474 1753 1524 Magni
1965 1474 2014 1522 83

743 1538 891 1578 Contra
909 1537 1132 1576 laborantes
1149 1537 1285 1576 diebus
1290 1538 1466 1587 festivis.

603 1603 708 1651 (138)
740 1601 807 1640 De
827 1600 1000 1640 Radulfo
1018 1601 1070 1640 de
1089 1600 1265 1639 Faentiis
1963 1602 2014 1650 83

600 1667 738 1716 (139A)
770 1665 835 1703 De
854 1664 956 1703 festo
975 1663 1017 1704 S.
1037 1663 1244 1704 Laurencii
1772 1691 1775 1693 -
1963 1666 2015 1714 84

600 1730 735 1780 (13913)
768 1728 833 1766 De
851 1740 956 1779 pane
974 1740 1112 1766 cruore
1132 1734 1322 1767 manante
1962 1730 2014 1777 84

598 1795 705 1841 (140)
736 1791 802 1830 De
821 1790 924 1830 festo
945 1791 984 1831 S.
1007 1791 1228 1831 Eilwethae
1847 1822 1873 1831 ..
1959 1793 2012 1841 84

598 1858 705 1904 (141)
737 1855 803 1894 De
846 1855 1022 1906 quodam
1059 1855 1126 1906 qui
1163 1857 1203 1894 in
1251 1857 1357 1895 mola
1395 1855 1565 1896 farinam
1603 1855 1775 1896 confecit
1814 1855 1879 1894 die

842 1909 1043 1948 dominica
1961 1910 2013 1957 84

684 2018 687 2020 v
735 1973 798 2011 De
804 1973 902 2023 fide.

591 2036 704 2086 (142)
733 2035 798 2074 De
818 2036 1111 2087 praedicatione
1130 2035 1261 2075 fratris
1280 2036 1461 2076 Thomae
1480 2036 1531 2075 de
1550 2035 1728 2087 O'Koyn
1960 2038 2008 2086 85

734 2100 797 2138 De
802 2100 912 2150 filiis
930 2101 1031 2138 male
1048 2112 1087 2138 se
1104 2099 1336 2139 habentibus
1353 2112 1447 2151 erga
1457 2106 1652 2149 parentes.

595 2166 701 2212 (143)
734 2163 798 2201 De
812 2169 925 2212 patre
942 2175 1038 2201 sene
1056 2167 1097 2202 et
1115 2163 1194 2202 filio
1212 2175 1284 2202 suo
1960 2166 2011 2204 86

594 2229 702 2275 (144)
734 2227 798 2265 De
817 2226 942 2265 Paulo
958 2232 1000 2266 et
1020 2226 1209 2266 Pauladia
1252 2249 1256 2253 ν
1959 2229 2009 2268 86

731 2290 794 2328 De
799 2290 942 2338 fitrtis.

590 2353 705 2403 (145)
734 2352 977 2403 Exemplum
999 2353 1038 2392 in
1056 2353 1140 2392 vita
1159 2354 1203 2393 Β.
1224 2354 1428 2393 Brandani
1954 2357 2006 2403 87

590 2418 703 2466 (146)
733 2417 797 2455 De
815 2417 939 2456 tribus
958 2417 1179 2468 peregrinis
1957 2421 2007 2459 88

592 2483 699 2529 (147)
732 2481 797 2519 De
816 2479 1052 2519 Exhilarato
1070 2493 1192 2531 puero
1956 2484 2009 2534 89

729 2544 794 2582 De
804 2544 956 2594 gaudio
972 2544 1128 2583 coeleste.

593 2608 699 2655 (148)
731 2606 796 2645 De
813 2607 964 2646 visione
986 2607 1175 2658 Iosaphat
1524 2639 1550 2648 ..
1953 2620 2008 2660 90

591 2673 698 2721 (149)
731 2670 841 2720 Quid
860 2670 1006 2709 demon
1028 2676 1227 2720 pateretur
1244 2677 1288 2710 ut
1307 2677 1439 2723 posset
1457 2672 1598 2711 salvari
1954 2684 2001 2725 91

590 2737 696 2782 (150)
728 2733 943 2784 Quomodo
963 2733 1181 2773 monachus
1201 2739 1377 2773 mortuus
1395 2737 1577 2786 apparuit
1594 2738 1701 2776 socio
1718 2749 1789 2775 suo
1952 2749 2001 2788 91

728 2797 792 2835 De
809 2809 916 2835 vana
928 2797 1075 2847 gloria.

590 2863 696 2909 (151)
729 2859 922 2899 Parabola
939 2859 1096 2899 abbatis
1116 2860 1288 2899 Pastoris
1954 2874 2001 2915 91
