2452 3533
597 428 672 467 126
983 426 1161 466 LIBER
1190 424 1609 466 EXEMPLORUM

592 534 798 583 quondam
817 534 999 572 visitator
1018 532 1242 583 Hybemie,
1253 532 1308 571 de
1324 533 1502 582 quodam
1521 533 1764 583 imperatore
1791 532 2020 571 Almannie

594 598 757 635 nomine
790 596 976 641 Hem-ico,
1005 597 1073 646 qui
1104 602 1147 635 et
1183 608 1290 635 nunc
1318 602 1480 635 sanctus
1513 595 1714 634 Henricus
1740 596 1781 634 in
1809 601 1918 635 terra
1945 596 2018 635 illa

591 659 824 711 appellatur.
879 658 1031 698 Retulit
1047 666 1182 698 autem
1209 658 1318 709 quod
1346 659 1421 697 iste
1445 659 1533 698 dux
1558 659 1726 709 quidam
1753 658 1829 698 suit
1859 659 2020 698 iuvenis

592 724 708 761 unius
723 724 890 762 ducatus
908 724 947 761 in
968 735 1093 773 regno
1113 722 1343 761 Almannie.
1408 722 1581 769 Iuvenis,
1599 722 1777 772 inquam,
1803 723 1891 762 dux
1917 727 2018 769 erat,

592 792 784 837 tanquam
802 787 871 837 qui
890 787 1046 825 noviter
1069 787 1121 825 ad
1138 786 1329 824 dnmmm
1346 798 1464 824 suum
1484 785 1567 824 iuoe
1583 786 1825 824 hereditario
1842 778 2017 836 perven-

589 852 688 887 erat.
743 847 841 887 Dux
857 854 994 886 autem
1013 847 1272 897 istequadam
1286 847 1384 893 vice,
1397 846 1518 886 nichil
1530 852 1767 885 metaneam
1779 847 2017 897 suspioetus,

591 911 746 949 audivit
761 911 965 961 quandam
982 922 1122 950 vocem
1140 910 1218 949 hoc
1234 909 1400 949 verbum
1416 910 1617 949 dicentem
1636 909 1712 949 sihi
1728 923 1739 949 ε
1767 913 1777 930 ‘
1791 910 1889 949 Post
1904 922 1983 949 sex
1995 911 2018 949 ⁸.

592 973 838 1014 Deliberavit
855 975 974 1024 igitur
985 974 1060 1013 iste
1076 974 1173 1024 quid
1187 974 1264 1012 hoc
1281 979 1415 1024 poaeet
1435 973 1685 1024 pertundere,
1703 979 1747 1012 et
1761 973 1955 1012 diffinivit
1972 973 2016 1012 in

589 1038 713 1076 eorde
729 1049 803 1076 suo
817 1049 901 1087 quo
916 1038 993 1076 hoc
1009 1036 1115 1075 aliud
1135 1049 1219 1075 non
1236 1042 1322 1075 emt
1339 1036 1415 1075 nisi
1431 1036 1540 1086 quod
1571 1035 1774 1075 Dominus
1798 1049 1892 1075 eum
1924 1048 2018 1087 pre-

593 1101 792 1139 mtmierat
807 1101 916 1150 quod
935 1107 1026 1150 post
1042 1112 1115 1139 sex
1132 1101 1220 1139 ἀίω
1236 1107 1340 1139 met
1356 1100 1579 1139 moriturus,
1633 1099 1743 1150 Quid
1762 1100 1882 1150 igitur
1898 1101 1988 1150 agit
1998 1104 2017 1139 ἓ

593 1164 740 1204 Statim
769 1165 935 1204 acoeoeit
961 1165 1013 1203 ad
1040 1164 1338 1203 consessionem
1356 1170 1399 1203 et
1418 1164 1628 1202 mundavit
1645 1177 1715 1203 σοι·
1730 1176 1859 1211 suum,
1878 1170 1922 1203 et
1941 1176 2015 1215 per

587 1239 663 1267 sex
680 1229 767 1267 diae
781 1228 993 1267 continuos
1011 1227 1084 1266 suit
1103 1228 1143 1266 in
1160 1227 1406 1266 orationibus
1422 1233 1466 1266 et
1491 1227 1732 1273 elemosinis,
1757 1233 1867 1266 totus
1892 1228 2017 1278 iginu-

591 1298 681 1331 toto
696 1292 817 1331 eorde
838 1292 1001 1331 deditus
1029 1291 1256 1330 huiusmodi
1285 1292 1471 1342 negociis,
1502 1291 1606 1330 sicut
1629 1290 1696 1330 ille
1722 1292 1792 1342 qui
1820 1297 1914 1342 post
1935 1303 2016 1330 sex

589 1356 677 1394 diae
703 1362 874 1395 mortem
912 1355 989 1395 sibi
1024 1354 1237 1394 affutumm
1272 1356 1565 1394 certitudiniter
1599 1354 1851 1406 expectabat„
1928 1354 2016 1396 Sed

588 1430 681 1457 ecoe
707 1420 946 1458 transierunt
964 1431 1039 1458 sex
1056 1419 1154 1465 dieS,
1170 1425 1214 1458 et
1230 1419 1354 1457 etiam
1373 1419 1578 1468 septimus.
1607 1449 1617 1458 .
1648 1448 1657 1456 .
1686 1448 1696 1458 .

1042 1482 1104 1533 [T
1100 1482 1149 1521 lte
1175 1489 1257 1521 nst
1280 1483 1319 1521 is
1344 1480 1561 1533 wanting]
